% How to cite webpage: https://tex.stackexchange.com/questions/3587/how-can-i-use-bibtex-to-cite-a-web-page
@misc{uberdrivers,
    title = {A First Step Toward A New Model For Independent Platform Work},
    author = {{Uber}},
    howpublished = {\url{https://www.uber.com/newsroom/working-together-priorities/}},
    note = {Accessed: 2022-08-18}
}
@misc{taxidata,
    title = {TLC Trip Record Data},
    author = {{NYC Taxi & Limousine Commission}},
    howpublished = {\url{https://www1.nyc.gov/site/tlc/about/tlc-trip-record-data.page}},
    note = {Accessed: 2022-08-3}
}
@misc{weatherdata,
    title = {Jackson Heights, New York},
    author = {{Weather Underground}},
    howpublished = {\url{https://www.wunderground.com/dashboard/pws/KNYJACKS2}},
    note = {Accessed: 2022-08-3}
}
@misc{surge,
    title = {How surge pricing works},
    author = {{Uber}},
    howpublished = {\url{https://www.uber.com/au/en/drive/driver-app/how-surge-works/}},
    note = {Accessed: 2022-08-19}
}

% You should lookup the entries defined in bibtex to properly format your .bib file